<?xml version="1.0" encoding="UTF-8"?><record xmlns="http://www.loc.gov/MARC21/slim" xmlns:cinclude="http://apache.org/cocoon/include/1.0" xmlns:zs="http://www.loc.gov/zing/srw/">
  <leader>00431nz  a2200169n  4500</leader>
  <controlfield tag="001">no2008018302</controlfield>
  <controlfield tag="003">DLC</controlfield>
  <controlfield tag="005">20080207075233.0</controlfield>
  <controlfield tag="008">080129n| acaaaaaan          |n ana     c</controlfield>
  <datafield tag="010" ind1=" " ind2=" ">
    <subfield code="a">no2008018302</subfield>
  </datafield>
  <datafield tag="035" ind1=" " ind2=" ">
    <subfield code="a">(OCoLC)oca07649486</subfield>
  </datafield>
  <datafield tag="040" ind1=" " ind2=" ">
    <subfield code="a">ItFiC</subfield>
    <subfield code="b">eng</subfield>
    <subfield code="c">ItFiC</subfield>
  </datafield>
  <datafield tag="130" ind1=" " ind2="0">
    <subfield code="a">PersonĂŚ (Milan, Italy)</subfield>
  </datafield>
  <datafield tag="642" ind1=" " ind2=" ">
    <subfield code="a">1</subfield>
    <subfield code="5">DPCC</subfield>
  </datafield>
  <datafield tag="643" ind1=" " ind2=" ">
    <subfield code="a">Milano</subfield>
    <subfield code="b">Crocetti</subfield>
  </datafield>
  <datafield tag="645" ind1=" " ind2=" ">
    <subfield code="a">t</subfield>
    <subfield code="5">DPCC</subfield>
  </datafield>
  <datafield tag="670" ind1=" " ind2=" ">
    <subfield code="a">Achille Majeroni, c2005:</subfield>
    <subfield code="b">ser. t.p. (PersonĂŚ)</subfield>
  </datafield>
</record>